<record><leader>00000cas a22000007a 4500</leader><controlfield tag="001">27903997</controlfield><controlfield tag="008">930412c19759999nmuwr ne      0   a0eng c</controlfield><datafield ind1=" " ind2=" " tag="010"><subfield code="a">sn 93061421 </subfield></datafield><datafield ind1=" " ind2=" " tag="040"><subfield code="a">NVM</subfield><subfield code="b">eng</subfield><subfield code="c">NVM</subfield><subfield code="d">OCLCQ</subfield><subfield code="d">NSD</subfield><subfield code="d">OCLCQ</subfield><subfield code="d">OCLCO</subfield></datafield><datafield ind1=" " ind2=" " tag="012"><subfield code="l">1</subfield></datafield><datafield ind1="0" ind2=" " tag="022"><subfield code="a">1939-2850</subfield><subfield code="l">1939-2850</subfield><subfield code="2">1</subfield></datafield><datafield ind1="1" ind2=" " tag="029"><subfield code="a">AU@</subfield><subfield code="b">000020743183</subfield></datafield><datafield ind1=" " ind2=" " tag="037"><subfield code="b">Guy &amp; Marcia Temple-Wood, P.O. Drawer 209, Angel Fire, NM 87710</subfield><subfield code="c">$25.00</subfield></datafield><datafield ind1=" " ind2=" " tag="042"><subfield code="a">pcc</subfield><subfield code="a">nsdp</subfield></datafield><datafield ind1=" " ind2=" " tag="043"><subfield code="a">n-us-nm</subfield></datafield><datafield ind1="1" ind2="0" tag="050"><subfield code="a">ISSN RECORD</subfield></datafield><datafield ind1=" " ind2="0" tag="222"><subfield code="a">Sangre de Cristo chronicle</subfield></datafield><datafield ind1="0" ind2="0" tag="245"><subfield code="a">Sangre de Cristo chronicle.</subfield></datafield><datafield ind1=" " ind2=" " tag="260"><subfield code="a">Eagle Nest, N.M. :</subfield><subfield code="b">Sangre de Cristo Pub. Co.</subfield></datafield><datafield ind1=" " ind2=" " tag="300"><subfield code="a">v.</subfield></datafield><datafield ind1=" " ind2=" " tag="310"><subfield code="a">Weekly,</subfield><subfield code="b">Nov. 28, 1979-</subfield></datafield><datafield ind1=" " ind2=" " tag="321"><subfield code="a">Monthly,</subfield><subfield code="b">Feb.-July 1975</subfield></datafield><datafield ind1=" " ind2=" " tag="321"><subfield code="a">Bimonthly,</subfield><subfield code="b">Aug. 6, 1975-Nov. 22, 1979</subfield></datafield><datafield ind1="0" ind2=" " tag="362"><subfield code="a">Vol. 1, no. 1 (Feb. 1975)-</subfield></datafield><datafield ind1=" " ind2=" " tag="500"><subfield code="a">Published June 1975-   : Angel Fire, NM.</subfield></datafield><datafield ind1=" " ind2="0" tag="651"><subfield code="a">Eagle Nest (N.M.)</subfield><subfield code="v">Newspapers.</subfield></datafield><datafield ind1=" " ind2="0" tag="651"><subfield code="a">Angel Fire (N.M.)</subfield><subfield code="v">Newspapers.</subfield></datafield><datafield ind1=" " ind2="0" tag="651"><subfield code="a">Colfax County (N.M.)</subfield><subfield code="v">Newspapers.</subfield></datafield><datafield ind1="0" ind2="4" tag="780"><subfield code="t">Moreno Valley Lantern</subfield><subfield code="w">(DLC)sn 94056818</subfield></datafield><datafield ind1="0" ind2="4" tag="780"><subfield code="t">Red River prospector (Eagle Nest, N.M.)</subfield><subfield code="w">(DLC)sn 96083046</subfield></datafield><datafield ind1=" " ind2=" " tag="752"><subfield code="a">United States</subfield><subfield code="b">New Mexico</subfield><subfield code="c">Colfax</subfield><subfield code="d">Angel Fire.</subfield></datafield><datafield ind1="4" ind2=" " tag="856"><subfield code="u">http://sangrechronicle.com/</subfield></datafield></record>